@article{diaz2009fate,
  title   = {The Fate of Auto-Tune},
  author  = {Diaz, J.},
  journal = {MIT},
  year    = {2009}
}

@article{deimplementaccao,
  title   = {IMPLEMENTA{\c{C}}{\~A}O DE ALGORITMOS DE CORRE{\c{C}}{\~A}O AUTOM{\'A}TICA DE TOM},
  author  = {Junior, M. C. B.},
  journal = {UFES},
  year    = {2022}
}
